@article{schelter18,
url = {http://dx.doi.org/10.1561/106.00000014},
year = {2018},
volume = {4},
journal = {The Journal of Web Science},
title = {On the Ubiquity of Web Tracking: Insights from a Billion-Page Web Crawl},
doi = {10.1561/106.00000014},
issn = {},
number = {4},
pages = {53-66},
author = {Sebastian Schelter and Jérôme Kunegis}
}